@INPROCEEDINGS{ lindner:degrees,
AUTHOR = "Claudia Lindner and JÃ¶rg Rothe",
TITLE = "Degrees of Guaranteed Envy-Freeness in Finite Bounded Cake-Cutting Protocols.",
booktitle = "WINE'09",
PAGES = {149-159},
YEAR = {2009}}

@INPROCEEDINGS{robertson:cake-cutting,
AUTHOR = "Jack M. Robertson and William A. Webb",
TITLE = "Cake-cutting algorithms - be fair if you can.",
YEAR = {1998}}

@INPROCEEDINGS{chen:truth,
AUTHOR = "Yiling Chen and John Lai and David C. Parkes and Ariel D. Procaccia",
TITLE = "Truth, Justice, and Cake Cutting.",
booktitle = "AAAI'10",
YEAR = {2010}}

@INPROCEEDINGS{brams,
  author =	{Steven J. Brams and Michael A. Jones and Christian Klamler},
  title =	{Better Ways to Cut a Cake - Revisited},
  booktitle =	{Fair Division},
  year =	{2007}}